INTRODUCTION -----------------------------------------------------------------------------------------------------------------------------------------------------------------------
----------------------------------------------------------------------------------------------------------------------------------------------------------------------------------------------

S1.1.1 -------------------------------------------------------------------------------------------------------------------------------------------------------------------------------------

@article{pathways,
author = {Jean, Joel and Brown, Patrick R and Jaffe, Robert L. and Buonassisi, Tonio and Bulovic, Vladimir},
doi = {10.1039/C4EE04073B},
file = {:C$\backslash$:/Users/Suzy/AppData/Local/Mendeley Ltd./Mendeley Desktop/Downloaded/Jean et al. - 2015 - Pathways for Solar Photovoltaics.pdf:pdf},
issn = {1754-5692},
journal = {Energy Environ. Sci.},
mendeley-groups = {MRes\_CZTS/Write up/Introduction,MRes\_CZTS/Write up/Introduction/Reviews},
title = {{Pathways for Solar Photovoltaics}},
url = {http://pubs.rsc.org/en/Content/ArticleLanding/2015/EE/C4EE04073B},
year = {2015}
}

@article{pathways_129,
author = {European Photovoltaic Industry Association},
title = {Global Market Outlook for Photovoltaics 2014-2018},
year = {2014},
}

@article{pathways_130,
author = {International Energy Agency Photovoltaic Power Systems Programme},
title = {Trends in Photovoltaic Applications, 19th Edition},
year = {2014},
}

@manual{LCOE,
author = {Fraunhofer Institute for Solar Energy Systems ISE},
title = {Levelized Cost of Electricity
Renewable Energy Technologies},
year = {2013 (Accessed on Aug 3, 2015)},
      url = {http://www.ise.fraunhofer.de/en/publications/veroeffentlichungen-pdf-dateien-en/studien-und-konzeptpapiere/study-levelized-cost-of-electricity-renewable-energies.pdf},
}

@manual{MIT,
author = {Massachusetts Institute of Technology},
title = {The Future of Solar Energy},
year = {2015 (Accessed on June 9, 2015)},
 url =  {http://mitei.mit.edu/system/files/MIT%20Future%20of%20Solar%20Energy%20Study_compressed.pdf},
}

@manual{LCOE2,
author = {Dyesol Ltd},
title = {What is Levelised Cost of Energy (LCOE)?},
year = {2011 (Accessed on Aug 10, 2015)},
 url = {https://www.dyesol.com/media/wysiwyg/Documents/dsc-resource-library/What_is_Levelised_Cost_of_Energy_-_Dyesol.pdf},
}

@article{TW,
   author = {Wolden, Colin A. and Kurtin, Juanita and Baxter, Jason B. and Repins, Ingrid and Shaheen, Sean E. and Torvik, John T. and Rockett, Angus A. and Fthenakis, Vasilis M. and Aydil, Eray S.},
   title = {Photovoltaic manufacturing: Present status, future prospects, and research needs},
   journal = {Journal of Vacuum Science \& Technology A},
   year = {2011},
   volume = "29",
   number = "3", 
   eid = 030801,
   pages = "-",
   url = "http://scitation.aip.org/content/avs/journal/jvsta/29/3/10.1116/1.3569757",
   doi = "http://dx.doi.org/10.1116/1.3569757" 
}

@manual{global_energy_fig,
author = {Time Urban},
title = {The Deal With Solar},
year = {2016 (Accessed on 23 April, 2016)},
 url = {http://waitbutwhy.com/2015/06/the-deal-with-solar.html},
}


@inproceedings{CZTS_scale_up,
 author = {Cortezon, Emilio Sanchez and Aninat, R{\'{e}}mi and Sanchez-cortezon, Emilio},
 title = {Kesterite-based photovoltaic devices: Challenges for Scale-up},
 booktitle = {Proceedings of the IEEE Photovoltaic Specialist},
 year = {2016}
}




S1.1.4 -------------------------------------------------------------------------------------------------------------------------------------------------------------------------------------


